@inproceedings{agarwal-zesch-2019-german,
  author    = {Aashish Agarwal and Torsten Zesch},
  title     = {German End-to-end Speech Recognition based on DeepSpeech},
  booktitle = {Proceedings of the 15th Conference on Natural Language Processing (KONVENS 2019): Long Papers},
  year      = {2019},
  address   = {Erlangen, Germany},
  publisher = {German Society for Computational Linguistics \& Language Technology},
  pages     = {111--119}
}
@misc{brown2020language,
  title         = {Language Models are Few-Shot Learners},
  author        = {Tom B. Brown and Benjamin Mann and Nick Ryder and Melanie Subbiah and Jared Kaplan and Prafulla Dhariwal and Arvind Neelakantan and Pranav Shyam and Girish Sastry and Amanda Askell and Sandhini Agarwal and Ariel Herbert-Voss and Gretchen Krueger and Tom Henighan and Rewon Child and Aditya Ramesh and Daniel M. Ziegler and Jeffrey Wu and Clemens Winter and Christopher Hesse and Mark Chen and Eric Sigler and Mateusz Litwin and Scott Gray and Benjamin Chess and Jack Clark and Christopher Berner and Sam McCandlish and Alec Radford and Ilya Sutskever and Dario Amodei},
  year          = {2020},
  eprint        = {2005.14165},
  archiveprefix = {arXiv},
  primaryclass  = {cs.CL}
}
@inproceedings{graves2006connectionist,
  title     = {Connectionist temporal classification: labelling unsegmented sequence data with recurrent neural networks},
  author    = {Graves, Alex and Fern{\'a}ndez, Santiago and Gomez, Faustino and Schmidhuber, J{\"u}rgen},
  booktitle = {Proceedings of the 23rd international conference on Machine learning},
  pages     = {369--376},
  year      = {2006}
}
@misc{hannun2014deep,
  title         = {Deep Speech: Scaling up end-to-end speech recognition},
  author        = {Awni Hannun and Carl Case and Jared Casper and Bryan Catanzaro and Greg Diamos and Erich Elsen and Ryan Prenger and Sanjeev Satheesh and Shubho Sengupta and Adam Coates and Andrew Y. Ng},
  year          = {2014},
  eprint        = {1412.5567},
  archiveprefix = {arXiv},
  primaryclass  = {cs.CL}
}
@inproceedings{heafield-2011-kenlm,
  title         = {{K}en{LM}: Faster and Smaller Language Model Queries},
  author        = {Heafield, Kenneth},
  booktitle     = {Proceedings of the Sixth Workshop on Statistical Machine Translation},
  month         = jul,
  year          = {2011},
  address       = {Edinburgh, Scotland},
  publisher     = {Association for Computational Linguistics},
  url           = {https://www.aclweb.org/anthology/W11-2123},
  pages         = {187--197},
  month_numeric = {7}
}
@article{hochreiter1997long,
  title     = {Long short-term memory},
  author    = {Hochreiter, Sepp and Schmidhuber, J{\"u}rgen},
  journal   = {Neural computation},
  volume    = {9},
  number    = {8},
  pages     = {1735--1780},
  year      = {1997},
  publisher = {MIT Press}
}
@inproceedings{imai1983cepstral,
  title        = {Cepstral analysis synthesis on the mel frequency scale},
  author       = {Imai, Satoshi},
  booktitle    = {ICASSP'83. IEEE International Conference on Acoustics, Speech, and Signal Processing},
  volume       = {8},
  pages        = {93--96},
  year         = {1983},
  organization = {IEEE}
}
@misc{kingma2014adam,
  title         = {Adam: A Method for Stochastic Optimization},
  author        = {Diederik P. Kingma and Jimmy Ba},
  year          = {2014},
  eprint        = {1412.6980},
  archiveprefix = {arXiv},
  primaryclass  = {cs.LG}
}
@inproceedings{Radeck-Arneth2015,
  author    = {Radeck-Arneth, Stephan and Milde, Benjamin and Lange, Arvid and Gouvea, Evandro and Radomski, Stefan and M{\"{u}}hlh{\"{a}}user, Max and Biemann, Chris},
  booktitle = {Proceedings Text, Speech and Dialogue (TSD)},
  title     = {{Open Source German Distant Speech Recognition: Corpus and Acoustic Model}},
  year      = {2015},
  address   = {Pilsen, Czech Republic},
  pages     = {480--488}
}
@article{schroder2003german,
  title     = {The German text-to-speech synthesis system MARY: A tool for research, development and teaching},
  author    = {Schr{\"o}der, Marc and Trouvain, J{\"u}rgen},
  journal   = {International Journal of Speech Technology},
  volume    = {6},
  number    = {4},
  pages     = {365--377},
  year      = {2003},
  publisher = {Springer}
}